{1:F01EGBKEGCXAXXX0000000000}{2:I940EXBKEGCXXXXN}{4:
:20:STM-20260622-0001
:25:EG800002000156789012345180002
:28C:00001/001
:60F:C260622EGP000000000000,00
:61:2606220622C12500,00NTRFNONREF//ISO-HUB-20260622-000001
:86:/UETR/8f2b5e70-1d44-4e6a-9c4a-2d9c87fd0011/REMI/Invoice INV-2026-001
:62F:C260622EGP0000000012500,00
-}
